
@article{Popkin2023,
    author = {Popkin, Charles A. and Morrissette, Cole R. and Fortney, Thomas A. and McCormick, Kyle L. and Gorroochurn, Prakash and Stuart, Michael J.},
    title = {Fighting and Penalty Minutes Associated With Long-term Mortality Among National Hockey League Players, 1967 to 2022},
    journal = {JAMA Network Open},
    volume = {6},
    number = {5},
    pages = {e2311308-e2311308},
    year = {2023},
    month = {05}
}


@article{Glickman2025,
    author = {Glickman, M.E. and Jones, A.C.},
    title = {Models and Rating Systems for Head-to-Head Competition},
    journal = {Annual Review of Statistics and Its Application},
    volume = {12},
    pages = {},
    year = {2025}
}

@article{KendallSmith1940,
    author = {Kendall, M.G. and Smith, B.B.},
    title = {On the Method of Paired Comparisons},
    journal = {Biometrika},
    volume = {31},
    number = {3/4},
    pages = {324-345},
    year = {1940}, 
	comment = {Explores graphs which represent paired comparisons between all n choose 2 pairs of n objects. Defines circular triads, d as a measure of consistency (and psi) and a lot of other things fundamental to graph theory of tournaments. Also examines d-distributions and a chi-squared approximation thereof. },
	doi     = {10.2307/2332613},

}

@article{Slater1961,
    author = {Slater, P. },
    title = {Inconsistencies in a Schedule of Paired Comparisons},
    journal = {Biometrika},
    volume = {48},
    number = {3/4},
    pages = {303-312},
    year = {1961}, 
	comment = {Slater's is the minimum number of swaps required to get a consistent order. A heuristic method is recommended for calculating i; however, it can only be guaranteed by completely enumerating all n! (they call m!) matrices of perfect order and comparing the differences. This sub-optimal procedure has thus led to A LOT of work on finding said order.},
	doi     = {10.2307/2332752},

}


@Book{Elo1978,
  author    = {Arpad E. Elo},
  title     = {The Rating Of Chess Players, Past \& Present},
  year      = {1978},
  publisher = {Arco Pub.},
  isbn      = {0-668-04721-6},
}

@Article{Mon1997,
  author  = {Monsuur, H. and Storcken, T.},
  title   = {Measuring Intransitivity},
  year    = {1997},
  journal = {Mathematical Social Sciences},
  volume  = {34},
  pages   = {125-152},
  number  = {2},
  comment = {Surveys no less than five intransitivity measures. Additionally, creates framework for such measures and defines properties.},
  doi     = {10.1016/s0165-4896(97)00010-3},
}

@Article{Sha1992,
  author  = {Shader, B. L.},
  title   = {On Tournament Matrices},
  year    = {1992},
  journal = {Linear Algebra and Its Applications},
  volume  = {162},
  pages   = {335-368},
  comment = {Section 3 relates to results about circular triads and counts thereof.},
  doi     = {10.1016/0024-3795(92)90384-m},
}


@Article{Sziklai2022,
  author  = {Balázs R. Sziklai, Péter Biró, László Csató,},
  title   = {The efficacy of tournament designs},
  year    = {2022},
  journal = {Computers & Operations Research},
  volume  = {144},
  doi     = {10.1016/j.cor.2022.105821.},
}


@Book{Csato2021,
  title     = {Tournament design: How operations research can improve sports rules. 1st ed.},
  author    = {Csato, L.},
  year      = {2021},
  publisher = {Palgrave Macmillan},
  address   = {Cham, Switzerland}
}

