
@article{Popkin2023,
    author = {Popkin, Charles A. and Morrissette, Cole R. and Fortney, Thomas A. and McCormick, Kyle L. and Gorroochurn, Prakash and Stuart, Michael J.},
    title = {Fighting and Penalty Minutes Associated With Long-term Mortality Among National Hockey League Players, 1967 to 2022},
    journal = {JAMA Network Open},
    volume = {6},
    number = {5},
    pages = {e2311308-e2311308},
    year = {2023},
    month = {05}
}


@article{Glickman2025,
    author = {Glickman, M.E. and Jones, A.C.},
    title = {Models and Rating Systems for Head-to-Head Competition},
    journal = {Annual Review of Statistics and Its Application},
    volume = {12},
    pages = {},
    year = {2025}
}

@article{KendallSmith1940,
    author = {Kendall, M.G. and Smith, B.B.},
    title = {On the Method of Paired Comparisons},
    journal = {Biometrika},
    volume = {31},
    number = {3/4},
    pages = {324-345},
    year = {1940}
}

@article{Slater1961,
    author = {Slater, P. },
    title = {Inconsistencies in a Schedule of Paired Comparisons},
    journal = {Biometrika},
    volume = {48},
    number = {3/4},
    pages = {303-312},
    year = {1961}
}
